@article{dissanayake2001solution,
  title={A {S}olution to the {S}imultaneous {L}ocalization {A}nd {M}ap building {(SLAM)} problem},
  author={Dissanayake, MWM Gamini and Newman, Paul and Clark, Steve and Durrant-Whyte, Hugh F and Csorba, Michael},
  journal={IEEE Transactions on Robotics and Automation},
  volume={17},
  number={3},
  pages={229--241},
  year={2001}
}

@article{agarwalsurvey,
  title={Survey of {G}eodetic {M}apping {M}ethods: {G}eodetic {A}pproaches to {M}apping and the {R}elationship to {G}raph-{B}ased {SLAM}},
  author={Agarwal, Pratik and Burgard, Wolfram and Stachniss, Cyrill},
  journal={IEEE Robotics \& Automation Magazine},
  volume={21},
  number={3},
  pages={63--80},
  year={2014}
}

@article{golombek1997overview,
  title={Overview of the Mars Pathfinder mission and assessment of landing site predictions},
  author={Golombek, MP and Cook, RA and Economou, T and Folkner, WM and Haldemann, AFC and Kallemeyn, PH and Knudsen, Jens Martin and Manning, RM and Moore, HJ and Parker, TJ},
  journal={Science},
  volume={278},
  number={5344},
  pages={1743--1748},
  year={1997},
  publisher={American Association for the Advancement of Science}
}

@inproceedings{thrun2003system,
  title={A system for volumetric robotic mapping of abandoned mines},
  author={Thrun, Sebastian and Hahnel, Dirk and Ferguson, David and Montemerlo, Michael and Triebel, Rudolph and Burgard, Wolfram and Baker, Christopher and Omohundro, Zachary and Thayer, Scott and Whittaker, William},
  booktitle={Proceedings of the IEEE International Conference on Robotics and Automation (ICRA)},
  volume={3},
  pages={4270--4275},
  year={2003},
  organization={IEEE}
}

@inproceedings{montemerlo2002conditional,
  title={Conditional particle filters for simultaneous mobile robot localization and people-tracking},
  author={Montemerlo, Michael and Thrun, Sebastian and Whittaker, William},
  booktitle={Proceedings of the IEEE International Conference on Robotics and Automation (ICRA)},
  volume={1},
  pages={695--701},
  year={2002},
  organization={IEEE}
}

@book{thrun2005probabilistic,
  title={Probabilistic {R}obotics},
  author={Thrun, Sebastian and Burgard, Wolfram and Fox, Dieter},
  year={2005},
  publisher={MIT Press}
}

@article{grisetti2010tutorial,
  title={A {T}utorial on {G}raph-{B}ased {SLAM}},
  author={Grisetti, Giorgio and Kummerle, Rainer and Stachniss, Cyrill and Burgard, Wolfram},
  journal={IEEE Transactions on Intelligent Transportation Systems Magazine},
  volume={2},
  number={4},
  pages={31--43},
  year={2010}
}

@article{lu1997globally,
  title={Globally {C}onsistent {R}ange {S}can {A}lignment for {E}nvironment {M}apping},
  author={Lu, Feng and Milios, Evangelos},
  journal={Autonomous robots},
  volume={4},
  number={4},
  pages={333--349},
  year={1997},
  publisher={Springer}
}

@inproceedings{olson2006fast,
  title={Fast {I}terative {A}lignment of {P}ose {G}raphs with {P}oor {I}nitial {E}stimates},
  author={Olson, Edwin and Leonard, John and Teller, Seth},
  booktitle={Proceedings of the {IEEE} Conference on Robotics and Automation},
  pages={2262--2269},
  year={2006}
}

@article{smith1986representation,
  title={On the representation and estimation of spatial uncertainty},
  author={Smith, Randall C and Cheeseman, Peter},
  journal={The international journal of Robotics Research},
  volume={5},
  number={4},
  pages={56--68},
  year={1986},
  publisher={Sage Publications}
}

@inproceedings{julier2001counter,
  title={A {C}ounter {E}xample to the {T}heory of {S}imultaneous {L}ocalization {A}nd {M}ap building},
  author={Julier, Simon J and Uhlmann, Jeffrey K},
  booktitle={Proceedings of the IEEE Conference on Robotics and Automation},
  volume={4},
  pages={4238--4243},
  year={2001}
}

@article{rodriguez2007consistency,
  title={Consistency of {SLAM-EKF} algorithms for {I}ndoor {E}nvironments},
  author={Rodriguez-Losada, Diego and Matia, Fernando and Pedraza, Luis and Jimenez, Agustin and Galan, Ramon},
  journal={Journal of Intelligent and Robotic Systems},
  volume={50},
  number={4},
  pages={375--397},
  year={2007},
  publisher={Springer}
}

@inproceedings{bailey2006consistency,
  title={Consistency of the {EKF-SLAM} algorithm},
  author={Bailey, Tim and Nieto, Juan and Guivant, Jose and Stevens, Michael and Nebot, Eduardo},
  booktitle={Proceedings of the IEEE Conference on Intelligent Robots and Systems},
  pages={3562--3568},
  year={2006}
}

@inproceedings{huang2009complexity,
  title={On the {C}omplexity and {C}onsistency of {UKF}-{B}ased {SLAM}},
  author={Huang, Guoquan P and Mourikis, Anastasios I and Roumeliotis, Stergios I},
  booktitle={Proceedings of the IEEE Conference on Robotics and Automation},
  pages={4401--4408},
  year={2009}
}

@inproceedings{huang2013filter,
  title={On {F}ilter {C}onsistency of {D}iscrete-{T}ime {N}onlinear {S}ystems with {P}artial-state measurements},
  author={Huang, Guoquan P and Roumeliotis, Stergios I},
  booktitle={Proceedings of the IEEE American Control Conference},
  pages={5468--5475},
  year={2013}
}

@inproceedings{carrillo2013decentralized,
  title={Decentralized {M}ulti-{R}obot {C}ooperative {L}ocalization using {C}ovariance {I}ntersection},
  author={Carrillo-Arce, Luis C and Nerurkar, Esha D and Gordillo, Jos{\'e} L and Roumeliotis, Stergios I},
  booktitle={Proceedings of the IEEE Conference on Intelligent Robots and Systems},
  pages={1412--1417},
  year={2013}
}

@inproceedings{montemerlo2002fastslam,
    title = {Fast{SLAM}: {A} {F}actored {S}olution to the {S}imultaneous {L}ocalization {A}nd {M}apping {P}roblem},
    author = {Michael Montemerlo and Sebastian Thrun and Daphne Koller and Ben Wegbreit},
    booktitle = {Proceedings of the AAAI National Conference on Artificial Intelligence},
    pages = {593--598},
    year={2002}    
}

@article{huang2011observability,
  title={Observability-based {C}onsistent {EKF} {E}stimators for {M}ulti-{R}obot {C}ooperative {L}ocalization},
  author={Huang, Guoquan P and Trawny, Nikolas and Mourikis, Anastasios I and Roumeliotis, Stergios I},
  journal={Autonomous Robots},
  volume={30},
  number={1},
  pages={99--122},
  year={2011},
  publisher={Springer}
}

@inproceedings{dellaert1999monte,
  title={Monte {C}arlo {L}ocalization for {M}obile {R}obots},
  author={Dellaert, Frank and Fox, Dieter and Burgard, Wolfram and Thrun, Sebastian},
  booktitle={Proceedings of the IEEE Conference on Robotics and Automation},
  volume={2},
  pages={1322--1328},
  year={1999}
}

@article{thrun2006stanley,
  title={Stanley: The robot that won the {DARPA} {G}rand {C}hallenge},
  author={Thrun, Sebastian and Montemerlo, Mike and Dahlkamp, Hendrik and Stavens, David and Aron, Andrei and Diebel, James and Fong, Philip and Gale, John and Halpenny, Morgan and Hoffmann, Gabriel and others},
  journal={Journal of field Robotics},
  volume={23},
  number={9},
  pages={661--692},
  year={2006},
  publisher={Wiley Online Library}
}

@INPROCEEDINGS{montemerlo2007fastslam,
  AUTHOR	= {M. Montemerlo and S. Thrun and D. Koller and B. Wegbreit},
  TITLE		= {{FastSLAM} 2.0: An {I}mproved {P}article {F}iltering {A}lgorithm for {S}imultaneous {L}ocalization {A}nd {M}apping that {P}rovably {C}onverges},
  YEAR		= {2003},
  BOOKTITLE     = {Proceedings of the Sixteenth International Joint Conference on Artificial Intelligence (IJCAI)},
  ORGANIZATION	= {IJCAI},
  ADDRESS	= {Acapulco, Mexico}
}

@inproceedings{zhang2010real,
  title={Real-{T}ime {I}ndoor {M}apping for {M}obile {R}obots with {L}imited {S}ensing},
  author={Zhang, Ying and Liu, Juan and Hoffmann, Gabriel and Quilling, Mark and Payne, Kenneth and Bose, Prasanta and Zimdars, Andrew},
  booktitle={Proceedings of the {IEEE} International Conference on Mobile Adhoc and Sensor Systems},
  pages={636--641},
  year={2010}
}

@phdthesis{beevers2007mapping,
  title={Mapping with {L}imited {S}ensing},
  author={Beevers, Kristopher R},
  year={2007},
  school={Rensselaer Polytechnic Institute}
}

@inproceedings{fox2012tactile,
  title={Tactile {SLAM} with a biomimetic whiskered robot},
  author={Fox, Charles and Evans, Mat and Pearson, Martin and Prescott, Tony},
  booktitle={Proceedings of the {IEEE} International Conference on Robotics and Automation},
  pages={4925--4930},
  year={2012},
}

@inproceedings{yap2009slam,
   title = {{SLAM} in {L}arge {I}ndoor {E}nvironments with {L}ow-{C}ost, {N}oisy, and {S}parse {S}onars},   
   author = {Yap, Jr., Teddy N. and Christian R. Shelton},
   booktitle = {Proceedings of the {IEEE} International Conference on Robotics and Automation},
   pages = {1395--1401},
   year = {2009}
}

@article{fox2012towards,
  title={Towards hierarchical blackboard mapping on a whiskered robot},
  author={Fox, Charles W and Evans, Mathew H and Pearson, Martin J and Prescott, Tony J},
  journal={Robotics and Autonomous Systems},
  volume={60},
  number={11},
  pages={1356--1366},
  year={2012},
  publisher={Elsevier}
}

@book{koller2009probabilistic,
  title={Probabilistic {G}raphical {M}odels: {P}rinciples and {T}echniques},
  author={Koller, Daphne and Friedman, Nir},
  year={2009},
  publisher={MIT Press}
}

@article{durrant2006simultaneous,
  title={Simultaneous {L}ocalization {A}nd {M}apping: Part {I} {T}he {E}ssential {A}lgorithms},
  author={Durrant-Whyte, Hugh and Bailey, Tim},
  journal={IEEE Robotics \& Automation Magazine},
  volume={13},
  number={2},
  pages={99--110},
  year={2006}
}

@article{bailey2006simultaneous,
  title={Simultaneous {L}ocalization {A}nd {M}apping (SLAM): Part II},
  author={Bailey, Tim and Durrant-Whyte, Hugh},
  journal={IEEE Robotics \& Automation Magazine},
  volume={13},
  number={3},
  pages={108--117},
  year={2006}
}

@article{julier2004unscented,
  title={Unscented {F}iltering and {N}onlinear {E}stimation},
  author={Julier, Simon J and Uhlmann, Jeffrey K},
  journal={Proceedings of the IEEE},
  volume={92},
  number={3},
  pages={401--422},
  year={2004}
}

@inproceedings{thrun2002particle,
  title={Particle filters in robotics},
  author={Thrun, Sebastian},
  booktitle={Proceedings of the Eighteenth conference on Uncertainty in artificial intelligence},
  pages={511--518},
  year={2002},
  organization={Morgan Kaufmann Publishers Inc.}
}

@article{huang2013quadratic,
  title={A {Q}uadratic-{C}omplexity {O}bservability-{C}onstrained {U}nscented {K}alman {F}ilter for {SLAM}},
  author={Huang, Guoquan P and Mourikis, Anastasios I and Roumeliotis, Stergios I},
  journal={IEEE Transactions on Robotics},
  volume={29},
  number={5},
  pages={1226--1243},
  year={2013}
}

@inproceedings{lee2006observability,
  title={On the observability and observability analysis of SLAM},
  author={Lee, Kwang Wee and Wijesoma, W Sardha and Javier, Ibanez Guzman},
  booktitle={IEEE International Conference on Intelligent Robots and Systems},
  pages={3569--3574},
  year={2006}
}

@article{castellanos2007robocentric,
  title={Robocentric map joining: Improving the consistency of EKF-SLAM},
  author={Castellanos, Jos{\'e} A and Martinez-Cantin, Ruben and Tard{\'o}s, Juan D and Neira, Jos{\'e}},
  journal={Robotics and Autonomous Systems},
  volume={55},
  number={1},
  pages={21--29},
  year={2007},
  publisher={Elsevier}
}

@phdthesis{newman1999structure,
  title={On the {S}tructure and {S}olution of the {S}imultaneous {L}ocalisation {A}nd {M}ap building problem},
  author={Newman, Paul},
  year={1999},
  school={University of Sydney}
}

@inproceedings{grisetti2005improving,
  title={Improving grid-based slam with rao-blackwellized particle filters by adaptive proposals and selective resampling},
  author={Grisetti, Giorgio and Stachniss, Cyrill and Burgard, Wolfram},
  booktitle={Proceedings of the IEEE International Conference on Robotics and Automation},
  pages={2432--2437},
  year={2005}
}

@phdthesis{monte2002phd,
  title={Fast{SLAM}: A factored solution to the simultaneous localization and mapping problem},
  author={Montemerlo, Michael},
  year={2002},
  school={Robotics Institute, Carnegie Mellon University}
}

@inproceedings{steux2010tinyslam,
  title={tinySLAM: A SLAM algorithm in less than 200 lines C-language program},
  author={Bruno, Steux and El Hamzaoui, Oussama},
  booktitle={Proceedings of the IEEE International Conference on Control Automation Robotics and Vision},
  year={2010}
}

@inproceedings{jensfelt2001approaches,
  title={Approaches to Mobile Robot Localization in Indoor Environments},
  author={Jensfelt, Patric},
  booktitle={PhD thesis, Signal, Sensors and Systems (S3), Royal Institute of Technology, SE-100 44},
  year={2001},
  organization={Citeseer}
}

@inproceedings{julier2003stability,
  title={The stability of covariance inflation methods for SLAM},
  author={Julier, Simon J},
  booktitle={IEEE International Conference on Intelligent Robots and Systems},
  volume={3},
  pages={2749--2754},
  year={2003}
}

@phdthesis{cooper2005comparison,
  title={A comparison of data association techniques for simultaneous localization and mapping},
  author={Cooper, Aron Jace},
  year={2005},
  school={Massachusetts Institute of Technology}
}

@article{jensfelt2001active,
  title={Active global localization for a mobile robot using multiple hypothesis tracking},
  author={Jensfelt, Patric and Kristensen, Steen},
  journal={IEEE Transactions on Robotics and Automation},
  volume={17},
  number={5},
  pages={748--760},
  year={2001}
}

@article{julier2007using,
  title={Using covariance intersection for SLAM},
  author={Julier, Simon J and Uhlmann, Jeffrey K},
  journal={Journal of Robotics and Autonomous Systems},
  volume={55},
  number={1},
  pages={3--20},
  year={2007},
  publisher={Elsevier}
}

@misc{spherorobot,
  title = {{Sphero Robotic ball}},
  howpublished = {\url{http://www.sphero.com/}},
  note = {Accessed: 2015-08-10}
}

@misc{spheroros,
  title = {{Sphero-ROS SDK}},
  howpublished = {\url{http://mmwise.github.io/sphero_ros/}},
  note = {Accessed: 2015-08-13}
}